@article{john-capitalism,
    author = {Mark John},
    title = {Capitalism seen doing `more harm than good' in global survey},
    journaltitle = {Reuters},
    date = {2020-01-19},
    url = {https://www.reuters.com/article/us-davos-meeting-trust-idUSKBN1ZJ0CW},
    publisher = {Thomson Reuters}
}
