@report{pew,
    title={European Public Opinion Three Decades After the Fall of Communism},
    author={Richard Wike and Jacob Poushter and Laura Silver and Kat Devlin and Janell Fetterolf and Alexandra Castillo and Christine Huang},
    institution={Pew Research Center},
    date={2019-10-15},
    type={resreport},
    url={https://www.pewresearch.org/global/2019/10/15/european-public-opinion-three-decades-after-the-fall-of-communism/},
    eprint={https://www.pewresearch.org/global/wp-content/uploads/sites/2/2019/10/Pew-Research-Center-Value-of-Europe-report-FINAL-UPDATED.pdf}
}

@article{gallup,
    title={Former Soviet Countries See More Harm From Breakup},
    author={Neli Esipova and Julie Ray},
    journaltitle={Gallup News},
    date={2013-12-19},
    url={https://news.gallup.com/poll/166538/former-soviet-countries-harm-breakup.aspx}
}

@article{balkan-insight,
    title={Serbia Poll: Life Was Better Under Tito},
    author={{Balkan Investigative Reporting Network}},
    shortauthor={{BIRN}},
    url={https://balkaninsight.com/2010/12/24/for-simon-poll-serbians-unsure-who-runs-their-country/},
    date={2010-12-24},
    journaltitle={Balkan Insight}
}

@article{el-mundo,
    url={https://www.elmundo.es/internacional/2014/04/10/5346de4d268e3e8f598b458c.html},
    title={`Con el comunismo se vivía mejor': el 66\% de los rumanos votaría al dictador Ceausescu},
    author={{EFE}},
    journaltitle={El Mundo},
    date={2014-04-10}
}
