@article{natalya,
    url={https://www.nytimes.com/2003/06/06/world/natalya-reshetovskaya-84-is-dead-solzhenitsyn-s-wife-questioned-gulag.html},
    title={Natalya Reshetovskaya, 84, Is Dead; Solzhenitsyn's Wife Questioned `Gulag'},
    author={Paul Lewis},
    date={2003-06-06},
    journaltitle={The New York Times}
}

@article{solzhenitsyn,
    url={https://www.nytimes.com/2008/08/04/books/04solzhenitsyn.html},
    title={Solzhenitsyn, Literary Giant Who Defied Soviets, Dies at 89},
    author={Michael T. Kaufman},
    date={2008-08-04},
    journaltitle={The New York Times}
}

@article{remembering,
    url={http://www.demoscope.ru/weekly/2007/0313/tema06.php},
    journaltitle={Demoscope Weekly},
    title={Remembering the 37th},
    author={Anatoly Vishnevsky},
    year={2007},
    month=dec,
    number={313-314}
}

@article{penal-system,
 ISSN = {00028762, 19375239},
 URL = {http://www.jstor.org/stable/2166597},
 eprint={http://sovietinfo.tripod.com/GTY-Penal_System.pdf},
 author = {J. Arch Getty and GÃ¡bor T. Rittersporn and Viktor N. Zemskov},
 journal = {The American Historical Review},
 number = {4},
 pages = {1017--1049},
 publisher = {[Oxford University Press, American Historical Association]},
 title = {Victims of the Soviet Penal System in the Pre-War Years: A First Approach on the Basis of Archival Evidence},
 volume = {98},
 year = {1993}
}

@online{russian-prison,
    title={Russian prisons getting more lethal},
    url={https://inmoscowsshadows.wordpress.com/2013/02/28/russian-prisons-getting-more-lethal/},
    date={2013-02-28},
    author={Mark Galeotti}
}

@dataset{prison-mortality,
    url={https://www.bjs.gov/index.cfm?ty=pbdetail&iid=5866},
    eprint={https://www.bjs.gov/content/pub/pdf/msp0114st.pdf},
    title={Mortality in State Prisons, 2001-2014 - Statistical Tables},
    author={Margaret E. Noonan},
    year={2016},
    month=dec
}
