@book{allen2003farm,
  title={Farm to factory: A reinterpretation of the Soviet industrial revolution},
  author={Allen, Robert C},
  volume={11},
  year={2003},
  publisher={Princeton University Press}
}

@misc{clarke2005farm,
  title={Farm to Factory: A Reinterpretation of the Soviet Industrial Revolution},
  author={Clarke, Simon},
  year={2005},
  publisher={JSTOR}
}

@article{brainerd2010reassessing,
  title={Reassessing the standard of living in the Soviet Union: An analysis using archival and anthropometric data},
  author={Brainerd, Elizabeth},
  journal={The Journal of Economic History},
  volume={70},
  number={1},
  pages={83--117},
  year={2010},
  publisher={Cambridge University Press}
}

@incollection{dinkel1986declining,
  title={Declining Life Expectancy in a Highly Developed Nation: Paradox or Statistical Artifact?},
  author={Dinkel, Reiner},
  booktitle={Paradoxical Effects of Social Behavior},
  pages={311--321},
  year={1986},
  publisher={Springer}
}

@article{getty1993victims,
  title={Victims of the Soviet penal system in the pre-war years: a first approach on the basis of archival evidence},
  author={Getty, J Arch and Rittersporn, Gabor T and Zemskov, Viktor N},
  journal={The American Historical Review},
  year={1993},
  publisher={JSTOR}
}

@book{thurston1998life,
  title={Life and terror in Stalin's Russia, 1934-1941},
  author={Thurston, Robert W},
  year={1998},
  publisher={Yale University Press}
}

@article{thurston1986desk,
  title={On Desk-Bound Parochialism, Commonsense Perspectives, and Lousy Evidence: A Reply to Robert Conquest},
  author={Thurston, Robert W},
  journal={Slavic Review},
  year={1986},
  publisher={Cambridge University Press}
}

@article{thurston1986fear,
  title={Fear and Belief in the USSR's “Great Terror”: Response to Arrest, 1935-1939},
  author={Thurston, Robert W},
  journal={Slavic review},
  volume={45},
  number={2},
  pages={213--234},
  year={1986},
  publisher={Cambridge University Press}
}

@article{eberstadt2006health,
  title={The health crisis in the USSR},
  author={Eberstadt, Nick},
  journal={International journal of epidemiology},
  volume={35},
  number={6},
  pages={1384--1394},
  year={2006},
  publisher={Oxford University Press}
}

@misc{harris2016,
  title={Historian James Harris says Russian archives show we've misunderstood Stalin},
  url={https://historynewsnetwork.org/article/163498},
  journal={History News Network},
  author={Harris, James},
  year={2016},
  month={Jul}
}

@book{coplon1988search,
  title={In Search of a Soviet Holocaust: A 55 Year Old Famine Feeds the Right},
  url={https://msuweb.montclair.edu/%7Efurrg/vv.html},
  author={Coplon, Jeff},
  year={1988}
}

@misc{tauger2004,
  title={The Years of Hunger: Soviet Agriculture, 1931-1933},
  url={https://eh.net/book_reviews/the-years-of-hunger-soviet-agriculture-1931-1933/},
  journal={EH.NET},
  author={Tauger, Mark},
  year={2004},
  month={Nov}
}
