@article{thurston2002reassessing,
  title={Reassessing the History of Soviet Workers: Opportunities to Criticize and Participate in Decision-Making},
  author={Thurston, Robert},
  journal={New Directions in Soviet History. Cambridge etc},
  pages={160--188},
  year={2002},
  url={https://www.docdroid.net/t9gG4jQ/thurston-robert-reassessing-the-history-of-soviet-workers-opportunities-to-criticize-and-participate-in-decision-making.pdf}
}

@article{kawamoto2014rethinking,
  title={Rethinking Soviet Democracy},
  author={Kawamoto, Kazuko},
  journal={Popular Participation in Family Law Reform after Stalin},
  pages={112--115},
  year={2014},
  url={http://jpsa-web.org/eibun_zassi/data/pdf/JPSA_Kawamoto_final_July_9_2014.pdf}
}

@article{gilens2014testing,
  title={Testing theories of American politics: Elites, interest groups, and average citizens},
  author={Gilens, Martin and Page, Benjamin I},
  journal={Perspectives on politics},
  volume={12},
  number={3},
  pages={564--581},
  year={2014},
  publisher={Cambridge University Press},
  url={https://scholar.princeton.edu/sites/default/files/mgilens/files/gilens_and_page_2014_-testing_theories_of_american_politics.doc.pdf}
}

@article{rampell2015americans,
 author  = {Rampell, Catherine},
 year    = {2015},
 month   = {8},
 title   = {Americans have grown to really, really hate their government},
 journal = {Washington Post},
 url     = {https://www.washingtonpost.com/news/rampage/wp/2015/09/23/americans-have-grown-to-really-really-hate-their-government/}
}

@misc{wikiamerican,
  author = {Wikipedia},
  title = {American Expeditionary Force, Siberia},
  url = {https://en.wikipedia.org/wiki/American_Expeditionary_Force,_Siberia},
  note = {[Online; accessed 27-March-2020]}
}

@misc{wikieastern,
  author = {Wikipedia},
  title = {Eastern Front (World War II)},
  url = {https://en.wikipedia.org/wiki/Eastern_Front_(World_War_II)},
  note = {[Online; accessed 27-March-2020]}
}
